% bibliography

@article{chap2:2018costa1,
author={R. Costa and S. Clain and R. Loub\`ere and G.J. Machado},
title={Very high-order accurate finite volume scheme on curved boundaries for the two-dimensional steady-state convection-diffusion equation with {Dirichlet} condition},
journal={Appl. Math. Model.},
volume={54},
year={2018},
pages={752--767}
}

@article{chap2:2016lehrenfeld,
author={C. Lehrenfeld},
title={High order unfitted finite element methods on level set domains using isoparametric mappings},
journal={Comput. Meth. Appl. Mech. Engrg.},
volume={300},
year={2016},
pages={716--733}
}

@article{chap2:2017lehrenfeld,
author={C. Lehrenfeld and A. Reusken},
title={Analysis of a high order unfitted finite element method for elliptic interface problems},
journal={IMA J. Numer. Anal.},
volume={38},
number={3},
year={2017},
pages={1351--1387}
}

@article{chap2:2002ollivier,
author={C. Ollivier-Gooch C and M. Van Altena},
title={A high-order accurate unstructured mesh finite-volume scheme for the advection-diffusion equation},
journal={J. Comput. Phys.},
volume={181},
number={2},
year={2002},
pages={729--752}
}

@article{chap2:2009geuziane,
author={C. Geuzaine and J.F. Remacle},
title={Gmsh: a three-dimensional Finite Element mesh generator with built-in pre- and post-processing facilities},
journal={Int. J. Numer. Meth. Engrg.},
volume={79},
year={2009},
pages={1309--1331}
}

@article{chap2:2014wang,
author={Z.J. Wang},
title={High-order computational fluid dynamics tools for aircraft design},
journal={Phil. Trans. R. Soc. A},
volume={372},
year={2014},
pages={20130318}
}

@article{chap2:2015moxey,
author={D. Moxey and M.D. Green and S.J. Sherwin and J. Peir\'o},
title={An isoparametric approach to high-order curvilinear boundary-layer meshing},
journal={Comput. Meth. Appl. Mech. Engrg.},
volume={283},
year={2015},
pages={636--650}
}

@article{chap2:2016stein,
author={D.B. Stein and R.D. Guy and B. Thomases},
title={Immersed boundary smooth extension: {A} high-order method for solving {PDE} on arbitrary smooth domains using Fourier spectral methods},
journal={J. Comput. Phys.},
volume={304},
year={2016},
pages={252--274}
}

@article{chap2:2017stein,
author={D.B. Stein and R.D. Guy and B. Thomases},
title={Immersed Boundary Smooth Extension ({IBSE}): {A} high-order method for solving incompressible flows in arbitrary smooth domains},
journal={J. Comput. Phys.},
volume={335},
year={2017},
pages={155--178}
}

% end of file
