% bibliography

@book{chap1:2002ebewele,
author={R.O. Ebewele},
title={Polymer science and technology},
edition={1st},
publisher={CRC press, Boca Raton},
year={2000}
}

@book{chap1:1997mccrum,
author={N.G. McCrum and C.P. Buckley and C.B. Bucknall},
title={Principles of polymer engineering},
edition={2nd},
publisher={Oxford University Press, New York},
year={1997}
}

@book{chap1:1996abryce,
author={D.M. Bryce},
title={Plastic injection molding: manufacturing process fundamentals, {V}ol. I: {F}undamentals of injection molding series},
edition={},
publisher={Society of Manufacturing Engineers, Michigan},
year={1996}
}

@book{chap1:1997bbryce,
author={D.M. Bryce},
title={Plastic injection molding: material selection and product design fundamentals, {V}ol. II: {F}undamentals of injection molding series},
edition={},
publisher={Society of Manufacturing Engineers, Michigan},
year={1997}
}

@book{chap1:1998bryce,
author={D.M. Bryce},
title={Plastic injection molding: mold design and construction fundamentals, {V}ol. III: {F}undamentals of injection molding series},
edition={},
publisher={Society of Manufacturing Engineers, Michigan},
year={1998}
}

@book{chap1:1999bryce,
author={D.M. Bryce},
title={Plastic injection molding: manufacturing startup and management, {V}ol. IV: {F}undamentals of injection molding series},
edition={},
publisher={Society of Manufacturing Engineers, Michigan},
year={1999}
}

@book{chap1:2006osswald,
author={T.A. Osswald and J.P. Hern\'andez-Ortiz},
title={Polymer processing: modeling and simulation},
edition={},
publisher={Hanser, Munich},
year={2006}
}

@book{chap1:2006tadmor,
author={Z. Tadmor and C.G. Gogos},
title={Principles of polymer processing},
edition={},
publisher={John Wiley \& Sons, New Jersey},
year={2006}
}

@book{chap1:2009thomas,
author={S. Thomas and Y. Weimin (Eds.)},
title={Advances in polymer processing: from macro- to nano-scales},
edition={},
publisher={Woodhead Publishing Limited, Oxford},
year={2009}
}

@book{chap1:2012carneiro,
author={O.S. Carneiro and J.M. N\'obrega},
title={Design of extrusion forming tools},
edition={},
publisher={Smithers Rapra, Shawbury},
year={2012}
}

@book{chap1:2014baird,
author={D.G. Baird and D.I. Collias},
title={Polymer processing: principles and design},
edition={2nd},
publisher={John Wiley \& Sons, New Jersey},
year={2014}
}

@book{chap1:2017rajkumar,
author={A. Rajkumar},
title={Improved methodologies for the design of extrusion forming tools},
edition={},
publisher={PhD Thesis, Universidade do Minho},
year={2017}
}

@article{chap1:1998lin,
author={P. Lin and Y. Jaluria},
title={Conjugate thermal transport in the channel of an extruder for non-{N}ewtonian fluids},
journal={Int. J. Heat Mass Transf.},
volume={41},
number={21},
year={1998},
pages={3239--3253},
}

@article{chap1:2000nizami,
author={J. Nizami},
title={Stability analysis and controller design for polymer sheet extrusion},
journal={J. Vib. Control},
volume={6},
number={},
year={2000},
pages={1083--1105},
}

@article{chap1:2003smith,
author={D.E. Smith},
title={Design sensitivity analysis and optimization for polymer sheet extrusion and mold filling processes},
journal={Int. J. Numer. Meth. Engrg.},
volume={57},
year={2003},
pages={1381--1411}
}

@article{chap1:2004nobrega,
author={J.M. N\'obrega and O.S. Carneiro and J.A. Covas and F.T. Pinho and P.J. Oliveira},
title={Design of calibrators for extruded profiles. {P}art {I}: {M}odeling the thermal interchanges},
journal={Polym. Engrg. Sci.},
volume={44},
number={12},
year={2004},
pages={2216--2228}
}

@article{chap1:2006nobrega,
author={J.M. N\'obrega and O.S. Carneiro},
title={Optimising cooling performance of calibrators for extruded profiles},
journal={Plast. Rubber Compos.},
volume={35},
number={9},
year={2006},
pages={387--392}
}

@article{chap1:2008nobrega,
author={J.M. N\'obrega and O.S. Carneiro and A. Gaspar-Cunha and N.D. Gon\c calves},
title={Design of calibrators for profile extrusion -- optimizing multi-step systems},
journal={Int. Polym. Proc.},
volume={23},
number={3},
year={2008},
pages={331--338}
}

@article{chap1:2014yang,
author={H. Yang},
title={Conjugate thermal simulation for sheet extrusion die},
journal={Polym. Engrg. Sci.},
volume={54},
number={3},
year={2014},
pages={682--694}
}

@article{chap1:2016marques,
author={F. Marques and S. Clain and G.J. Machado and B. Martins and O.S. Carneiro and J.M. N\'obrega},
title={A novel heat transfer coefficient identification methodology for the profile extrusion calibration stage},
journal={Appl. Thermal Engrg.},
volume={103},
year={2016},
pages={102--111}
}

@article{chap1:2017marques1,
author={F. Marques and S. Clain and G.J. Machado and B. Martins and O.S. Carneiro and J.M. N\'obrega},
title={A new energy conservation scheme for the numeric study of the heat transfer in profile extrusion calibration},
journal={Heat Mass Transf.},
volume={53},
year={2017},
pages={2901--2913}
}

@article{chap1:2016habla,
author={F. Habla and C. Fernandes and M. Maier and L. Densky and L.L. Ferr\'as and A. Rajkumar and O.S. Carneiro and O. Hinrichsen and J.M. N\'obrega},
title={Development and validation of a model for the temperature distribution in the extrusion calibration stage},
journal={Appl. Therm. Engrg.},
volume={100},
year={2016},
pages={538--552}
}

@book{chap1:2006schafer,
author={M. Sch\"afer},
title={Computational engineering: Introduction to numerical methods},
edition={},
publisher={Springer, Berlin},
year={2006}
}

@book{chap1:1997huilgol,
author={R.R. Huilgol and N. Phan-Thien},
title={Fluid mechanics of viscoelasticity: general principles, constitutive modelling, analytical and numerical techniques, {R}heology {S}eries, {V}ol. 6},
edition={},
publisher={Elsevier Science, Amsterdam},
year={1997}
}

@book{chap1:2002owens,
author={R.G. Owens and T.N. Phillips},
title={Computational rheology, {V}ol. 14},
edition={},
publisher={Imperial College Press, London},
year={2002}
}

@book{chap1:2012crochet,
author={M.J. Crochet and A.R. Davies and K. Walters},
title={Numerical simulation of non-{N}ewtonian flow, {R}heology {S}eries, {V}ol. 1},
edition={},
publisher={Elsevier Science, Amsterdam},
year={2012}
}

@book{chap1:2001morrison,
author={F.A. Morrison},
title={Understanding rheology, Topics in Chemical Engineering},
edition={},
publisher={Oxford University Press, New York},
year={2001}
}

@book{chap1:2014beer,
author={F.P. Beer and E.R. Johnston and J.T. DeWolf and D.F. Mazurek},
title={Mechanics of Materials},
edition={},
publisher={McGraw-Hill Education, New York},
year={2014}
}

@book{chap1:1987bird,
author={R.B. Bird and R.C. Armstrong and O. Hassager},
title={Dynamics of polymeric liquids, {V}ol. 1: Fluid mechanics},
edition={2nd},
publisher={Wiley-Interscience, New York},
year={1987}
}

@book{chap1:1994macosko,
author={C.W. Macosko},
title={Rheology: principles, measurements, and applications},
edition={1st},
publisher={Wiley-VCH, New-York},
year={1994}
}

@book{chap1:1999larson,
author={R.G. Larson},
title={The structure and rheology of complex fluids, Topics in Chemical Engineering},
edition={},
publisher={Oxford University Press, New-York},
year={1999}
}

@book{chap1:1998tveito,
author={A. Tveito and R. Winther},
title={Introduction to partial differential equations: a computational approach},
edition={},
publisher={Springer-Verlag},
year={1998}
}

@book{chap1:1998thomas,
author={J.W. Thomas},
title={Numerical partial differential equations: finite difference methods},
edition={},
publisher={Springer-Verlag},
year={1998}
}

@book{chap1:2007grossmann,
author={C. Grossmann and H.-G. Roos and M. Stynes},
title={Numerical treatment of partial differential equations},
edition={},
publisher={Springer-Verlag},
year={2007}
}

@book{chap1:1993reddy,
author={J.N. Reddy},
title={An Introduction to the finite element method},
edition={},
publisher={McGraw-Hill, New York},
year={1993}
}

@book{chap1:2004ern,
author={A. Ern and J.-L. Guermond},
title={Theory and practice of finite elements, {V}ol. 159},
edition={},
publisher={Springer-Verlag, New-York},
year={2004}
}

@book{chap1:2005chen,
author={Z. Chen},
title={Finite element methods an their applications},
edition={},
publisher={Springer-Verlag},
year={2005}
}

@book{chap1:2005zienkiewicza,
author={O.C. Zienkiewicz and R.L. Taylor},
title={The finite element method for solid and structural mechanics},
edition={},
publisher={Elsevier},
year={2005}
}

@book{chap1:2005zienkiewiczb,
author={O.C. Zienkiewicz and R.L. Taylor and J.Z. Zhu},
title={The finite element method: its basis and fundamentals},
edition={},
publisher={Elsevier},
year={2005}
}

@book{chap1:1980patankar,
author={S.V. Patankar},
title={Numerical heat transfer and fluid flow, {S}eries in {C}omputational {M}ethods in {M}echanics and {T}hermal {S}ciences},
edition={1st},
publisher={McGraw-Hill},
year={1980}
}

@inproceedings{chap1:1971mcdonald,
author={P.W. McDonald},
title={The computation of transonic flow through two-dimensional gas turbine cascades},
booktitle={Proceedings of the ASME 1971 International Gas Turbine Conference and Products Show, New York.ASME 1971 International Gas Turbine Conference and Products Show. Houston, Texas, USA},
year={1971}
}

@article{chap1:1972maccormack,
author={R.W. MacCormack and A.J. Paullay},
title={Computational efficiency achieved by time splitting of finite difference operators},
journal={AIAA Paper},
volume={72--154},
year={1972}
}

@article{chap1:1973rizzi,
author={A.W. Rizzi and M. Inouye},
title={Time-split finite-volume method for three-dimensional blunt-body flow},
journal={AIAA Journal},
volume={11},
number={11},
year={1973},
pages={1478--1485}
}

@inproceedings{chap1:1973leer,
author={B.V. Leer},
title={Towards the ultimate conservative difference scheme I. The quest of monotonicity},
booktitle={Proceedings of the Third International Conference on Numerical Methods in Fluid Mechanics, Springer, Berlin},
pages={163--168},
year={1973}
}

@article{chap1:1974leer,
author={B.V. Leer},
title={Towards the ultimate conservative difference scheme II. Monotonicity and conservation combined in a second order scheme},
journal={J. Comput. Phys.},
volume={14},
pages={361--370},
year={1974}
}

@article{chap1:1976leer,
author={B.V. Leer},
title={MUSCL, A new approach to numerical gas dynamics},
journal={Computing in Plasma Physics and Astrophysics, Max-Planck-Institut f\"ur Plasma Physik, Garchung, Germany},
year={1976}
}

@article{chap1:1977leera,
author={B.V. Leer},
title={Towards the ultimate conservative difference scheme III. Upstream-centered finite-difference schemes for ideal compressible flow},
journal={J. Comput. Phys.},
volume={23},
year={1977},
pages={263--275}
}

@article{chap1:1977leerb,
author={B.V. Leer},
title={Towards the ultimate conservative difference scheme IV. A new approach to numerical convection},
journal={J. Comput. Phys.},
volume={23},
year={1977},
pages={276--299}
}

@article{chap1:1979leer,
author={B.V. Leer},
title={Towards the ultimate conservative difference scheme V. A second order sequel to Godunov's method},
journal={J. Comput. Phys.},
volume={32},
year={1979},
pages={101--136}
}

@article{chap1:1972kolgan,
author={V.P. Kolgan},
title={Application of the principle of minimum derivatives to the construction of difference schemes for computing discontinuous solutions of gas dynamics},
journal={(in Russian},
pages={Uch. Zap. TsaGI},
year={Scientific Notes of the Central Institute of Aerodynamics, Russia)},
volume={3},
number={6},
year={1972},
pages={68--77}
}

@article{chap1:1975kolgana,
author={V.P. Kolgan},
title={Finite difference schemes for the computation of two-dimensional discontinuous solutions of non-stationary gas dynamics (in Russian)},
journal={Uch. Zap. TsaGI (Scientific Notes of the Central Institute of Aerodynamics, Russia)},
volume={6},
number={1},
year={1975},
pages={9--14}
}

@article{chap1:1975kolganb,
author={V.P. Kolgan},
title={Finite difference schemes for the computation of three-dimensional solutions of gas dynamics and calculation of the flow over a body under an angle of attack (in Russian)},
pages={Uch. Zap. TsaGI (Scientific Notes of the Central Institute of Aerodynamics, Russia)},
volume={6},
number={2},
year={1975},
pages={1--6}
}

@article{chap1:1959godunov,
author={S.K. Godunov},
title={A difference method for numerical calculation of discontinuous solutions of the equations of hydrodynamics (in Russian)},
journal={Mat. Sb.},
volume={47(89)},
number={3},
year={1959},
pages={271--306}
}

@inproceedings{chap1:1961preissmann,
author={A. Preissmann},
title={Propagation des intumescences dans les canaux et le rivi\`eres},
booktitle={Proceeding of the Premiere Congr\`es de l'Association Fran\c caise de Calcul, Grenoble, France},
year={1961},
pages={433--442}
}

@book{chap1:1962varga,
author={R.S. Varga},
title={Matrix iterative analysis},
edition={1st},
publisher={Prentice-Hall: London},
year={1962}
}

@article{chap1:1962tichonov,
author={A.N. Tichnov and A.A. Samarskii},
title={Homogeneous difference schemes on non-uniform nets (in Russian)},
journal={Zh. Vychisl. Mat. i Mat. Fiz.},
volume={2},
number={5},
year={1962},
pages={812--832}
}

@article{chap1:1965samarskii,
author={A.A. Samarskii},
title={Monotonic difference schemes for elliptic and parabolic equations in the case of a non-selfadjoint elliptic operator (in Russian)},
journal={Zh. Vychisl. Mat. i Mat. Fiz.},
volume={5},
number={3},
year={1965},
pages={548--551}
}

@article{chap1:2014costa,
author={R. Costa and S. Clain and G.J. Machado},
title={New cell-vertex reconstruction for finite volume scheme: Application to the convection-diffusion-reaction equation},
journal={Comput. Math. Appl.},
volume={68},
number={10},
year={2014},
pages={1229--1249}
}

@article{chap1:1991caia,
author={Z. Cai},
title={On the finite volume element method},
journal={Numer. Math.},
volume={58},
year={1991},
pages={713--735}
}

@article{chap1:1991caib,
author={Z. Cai and J. Mandel and S. McCormick},
title={The finite volume element method for diffusion equations on general triangulations},
journal={SIAM J. Numer. Anal.},
volume={28},
number={2},
year={1991},
pages={392--402}
}

@book{chap1:2000eymard,
author={R. Eymard and T. Gallou\"et and R. Herbin},
title={The finite volume method, in Ph. Ciarlet, J.L. Lions (Eds.), Handbook for Numerical Analysis},
edition={},
publisher={North Holland},
year={2000},
pages={715--1022}
}

@article{chap1:2001eymard,
author={R. Eymard and T. Gallou\"et and R. Herbin},
title={Finite volume approximation of elliptic problems and convergence of an approximate gradient},
journal={Appl. Numer. Math.},
volume={37},
year={2001},
pages={31--53}
}

@article{chap1:1999coudierea,
author={Y. Coudi\`ere and J.P. Vila and P. Villedieu},
title={Convergence rate of a finite volume scheme for a two dimensional convection diffusion problem},
journal={Mod\'el. Math. Anal. Num\'er.},
volume={33},
number={3},
year={1999},
pages={493--516}
}

@article{chap1:1999coudiereb,
author={Y. Coudi\`ere and P. Villedieu},
title={Convergence rate of a finite volume scheme for the linear convection-diffusion equation on locally refined meshes},
journal={M2AN Math, Model. Numer. Anal.},
volume={34},
number={6},
year={1999},
pages={1123--1149}
}

@article{chap1:2008manzini,
author={G. Manzini and A. Russo},
title={A finite volume method for advection-diffusion problems in convection-dominated regimes},
journal={Comput. Methods Appl. Mech. Engrg.},
volume={197},
year={2008},
pages={1242--1261}
}

@article{chap1:2000hermeline,
author={F. Hermeline},
title={A finite volume method for the approximation of diffusion operators on distorted meshes},
journal={J. Comput. Phys.},
volume={160},
year={2000},
pages={481--499}
}

@article{chap1:2005domelevo,
author={K. Domelevo and P. Omnes},
title={A finite volume method for the Laplace equation on almost arbitrary two-dimensional grids},
journal={M2AN Math, Model. Numer. Anal.},
volume={39},
year={2005},
pages={1203--1249}
}

@article{chap1:2010coudiere,
author={Y. Coudi\`ere and G. Manzini},
title={The discrete duality finite volume method for convection-diffusion problems},
journal={SIAM J. Numer. Anal.},
volume={47},
number={6},
year={2010},
pages={4163--4192}
}

@article{chap1:2006droniou,
author={J. Droniou and R. Eymard},
title={A mixed finite volume scheme for anisotropic diffusion problems on any grid},
journal={Numer. Math.},
volume={105},
year={2006},
pages={35--71}
}

@inproceedings{chap1:2008eymard,
author={R. Eymard and T. Gallou\"et and R. Herbin},
title={Benchmark on anisotropic problems. SUSHI: a scheme using stabilization and hybrid interfaces for anisotropic heterogeneous diffusion problems},
booktitle={Proceeding of the FVCA5 - Finite Volumes for Complex Applications V, Wiley},
year={2008},
pages={801--814}
}

@article{chap1:2005brezzi,
author={F. Brezzi and K. Lipnikov and M. Shashkov},
title={Convergence of mimetic finite difference methods for diffusion problems on polyhedral meshes},
journal={SIAM J. Numer. Anal.},
volume={43},
year={2005},
pages={1872--1896}
}

@article{chap1:2008cangiani,
author={A. Cangiani and G. Manzini},
title={Flux reconstruction and solution post-processing in mimetic finite difference methods},
journal={Comput. Methods Appl. Mech. Engrg.},
volume={197},
number={9--12},
year={2008},
pages={933--945}
}

@article{chap1:1967chorin,
author={A.J. Chorin},
title={Numerical method for solving incompressible viscous flow problems},
journal={J. Comput. Phys.},
volume={212},
year={1967},
pages={12--26}
}

@book{chap1:1996ferziger,
author={J.H. Ferziger and M. Peri\'c},
title={Computational methods for fluids dynamics},
edition={},
publisher={Springer-Verlag, Berlin},
year={1996}
}

@book{chap1:1983pironneau,
author={O. Pironneau},
title={Finite element methods for fluids},
edition={},
publisher={John Wiley, Chichester},
year={1983}
}

@book{chap1:1984crochet,
author={M.J. Crochet and A.R. Davies and K. Walters},
title={Numerical simulation of non-{N}ewtonian flow, {R}heology {S}eries, {V}ol. 1},
edition={},
publisher={Elsevier Science, Amsterdam},
year={1984}
}

@book{chap1:1985peyret,
author={R. Peyret and T.D. Taylor},
title={Computational methods for fluid flow},
edition={},
publisher={Springer-Verlag, New York},
year={1985}
}

@book{chap1:1987temam,
author={R. Temam},
title={Navier-Stokes equations, theory and numerical analysis},
edition={},
publisher={North-Holland, Amsterdam},
year={1987}
}

@book{chap1:2014zienkiewicz,
author={O.C. Zienkiewicz and R.L. Taylor and P. Nithiarasu},
title={The finite element method for fluid dynamics},
edition={},
publisher={Butterworth-Heinemann, Waltham},
year={2014}
}

@article{chap1:2004piller,
author={M. Piller and E. Stalio},
title={Finite volume compact schemes on staggered grids},
journal={J. Comput. Phys.},
volume={197},
year={2004},
pages={299--340}
}

@article{chap1:2004vidovic,
author={D. Vidovi\'c and A. Segal and P. Wesseling},
title={A superlinearly convergent finite volume method for the incompressible Navier-Stokes equations on staggered unstructured grids},
journal={J. Comput. Phys.},
volume={198},
year={2004},
pages={159--177}
}

@article{chap1:2006kampanis,
author={N.A. Kampanis and J.A. Ekaterinaris},
title={A staggered grid, high-order accurate method for the incompressible Navier-Stokes equations},
journal={J. Comput. Phys.},
volume={215},
year={2006},
pages={589--613}
}

@article{chap1:1998oliveira,
author={P.J. Oliveira and F.T. Pinho and G.A. Pinto},
title={Numerical simulation of non-linear elastic flows with a general collocated finite-volume method},
journal={J. Non-Newt. Fluid Mech.},
volume={79},
year={1998},
pages={1--43}
}

@article{chap1:2009eymard,
author={R. Eymard and J.C. Latch\'e and R. Herbin and B. Piar},
title={Convergence of a locally stabilized collocated finite volume scheme for incompressible flows},
journal={M2AN},
volume={43},
year={2009},
pages={889--927}
}

@article{chap1:2014shang,
author={S. Shang and X. Zhao and S. Bayyuk},
title={Generalized formulations for the Rhie-Chow interpolation},
journal={J. Comput. Phys.},
volume={258},
year={2014},
pages={880--914}
}

@article{chap1:2001brown,
author={D.L. Brown and R. Cortez and M.L. Minion},
title={Accurate projection methods for the incompressible Navier-Stokes equations},
journal={J. Comput. Phys.},
volume={168},
year={2001},
pages={464--499}
}

@article{chap1:2006guermont,
author={J.L. Guermont and P. Minev and J. Shen},
title={An overview of the projection methods for incompressible flows},
journal={Comput. Meth. Appl. Engrg.},
volume={195},
year={2006},
pages={6011--6045}
}

@article{chap1:2009gao,
author={W. Gao and Y.-L. Duan and R.-X. Liu},
title={The finite volume projection method with hybrid unstructured triangular collocated grids for incompressible flows},
journal={J. Hydrodyn.},
volume={21},
year={2009},
pages={201--211}
}

@article{chap1:2009griffith,
author={B.E. Griffith},
title={An accurate and efficient method for the incompressible Navier-Stokes equations using the projection method as preconditioner},
journal={J. Comput. Phys.},
volume={228},
year={2009},
pages={7565--7595}
}

@article{chap1:1997ollivier,
author={C. Ollivier-Gooch},
title={High-order ENO schemes for unstructured meshes based on least-squares reconstruction},
journal={AIAA Paper},
volume={97--0540},
year={1997}
}

@article{chap1:2002hernandez,
author={J.A. Herna\'andez},
title={High-order finite volume schemes for the advection-diffusion equation},
journal={Int. J. Numer. Methods Engrg.},
volume={53},
year={2002},
pages={1211--1234}
}

@article{chap1:2002ollivier,
author={C. Ollivier-Gooch and M. Van Altena},
title={A high-order-accurate unstructured mesh finite-volume scheme for the advection-diffusion equation},
journal={J. Comput. Phys. Arch.},
volume={181},
number={2},
year={2002},
pages={729--752}
}

@article{chap1:2009toro,
author={E.F. Toro and A. Hidalgo},
title={ADER finite volume schemes for nonlinear reaction-diffusion equations},
journal={Appl. Numer. Math. Arch.},
volume={59},
number={1},
year={2009},
pages={1--31}
}

@article{chap1:2011ivan,
author={L. Ivan and C.P.T. Groth},
title={High-order solution-adaptative central essentially non-oscillatory ({CENO}) method for viscous flows},
journal={AIAA},
volume={2011--367},
year={2011}
}

@book{chap1:2018barth,
author={T. Barth and R. Herbin and M. Ohlberger},
title={Finite volume methods: foundation and analysis, in E. Stein, R. Borst, T.J.R. Hughes (Eds.), Encyclopedia of Computational Mechanics},
edition={2nd},
publisher={John Wiley \& Sons},
year={2017},
pages={1--60}
}

@article{chap1:1997gottlieb,
author={D. Gottlieb and C.-W.Shu},
title={On the Gibbs phenomenon and its resolution},
journal={SIAM Review},
volume={39},
year={1997},
pages={644--668}
}

@article{chap1:2011clain,
author={S. Clain and S. Diot and R. Loub\`ere},
title={A high-order finite volume method for systems of conservation laws -- multi-dimensional optimal order detection ({MOOD})},
journal={J. Comput. Phys.},
volume={230},
year={2011},
pages={4028--4050}
}

@article{chap1:2012diot,
author={S. Diot and S. Clain and R. Loub\`ere},
title={Improved detection criteria for the multi-dimensional optimal order detection ({MOOD}) on unstructured meshes with very high-order polynomials},
journal={Comput. Fluids},
volume={64},
year={2012},
pages={43--63}
}

@article{chap1:2013diot,
author={S. Diot and R. Loub\`ere and S. Clain},
title={The multidimensional optimal order detection method in the three-dimensional case: very high-order finite volume method for hyperbolic systems},
journal={Int. J. Numer. Meth. Fluids},
volume={73},
year={2013},
pages={362--392}
}

% end of file
